@article{ref:baker:treadmill,
 author = {Baker, Henry G.},
 title = {The Treadmill: Real-time Garbage Collection Without Motion Sickness},
 journal = {SIGPLAN Not.},
 issue_date = {March 1992},
 volume = {27},
 number = {3},
 month = mar,
 year = {1992},
 issn = {0362-1340},
 pages = {66--70},
 numpages = {5},
 url = {http://doi.acm.org/10.1145/130854.130862},
 doi = {10.1145/130854.130862},
 acmid = {130862},
 publisher = {ACM},
 address = {New York, NY, USA},
} 